<?xml version="1.0" encoding="UTF-8"?><collection xmlns="http://www.loc.gov/MARC21/slim"><record><leader>00633nam--2200205-i-4500</leader><controlfield tag="001">000024996</controlfield><controlfield tag="002">20161230</controlfield><controlfield tag="005">20161230201035</controlfield><controlfield tag="008">060222s1000------------r-----000-0-fre-d</controlfield><datafield ind1=" " ind2=" " tag="040"><subfield code="a">IFIN-HH</subfield></datafield><datafield ind1=" " ind2=" " tag="041"><subfield code="a">fre</subfield></datafield><datafield ind1=" " ind2=" " tag="080"><subfield code="a">539.1:541.2</subfield></datafield><datafield ind1="1" ind2=" " tag="100"><subfield code="a">Cauchois, Yvette</subfield></datafield><datafield ind1="1" ind2="0" tag="245"><subfield code="a">Atomes spectres matiere</subfield><subfield code="b">Preface de jean cabannes</subfield><subfield code="c">Yvette cauchois</subfield></datafield><datafield ind1=" " ind2=" " tag="260"><subfield code="a">Paris</subfield><subfield code="b">Editions Albin Michel</subfield><subfield code="c">1952</subfield></datafield><datafield ind1=" " ind2=" " tag="300"><subfield code="a">622P</subfield></datafield><datafield ind1=" " ind2=" " tag="490"><subfield code="a">Sciences D'Aujourd'Hui</subfield></datafield><datafield ind1=" " ind2=" " tag="500"><subfield code="a">Dedicatie: Al'I.F.A - En Evocation De Son Fondateur Horia Hulubei Magurele 3 Septembre 1992 Y. Cauchois</subfield></datafield><datafield ind1=" " ind2=" " tag="852"><subfield code="a">79907</subfield><subfield code="c">539</subfield></datafield><datafield ind1=" " ind2=" " tag="CAT"><subfield code="a">Sys</subfield><subfield code="c">20111014</subfield><subfield code="h">115918</subfield></datafield></record></collection>